@article{this,
options = {skipbib },
year = {2021},
title = {Preparation of a Canopy Height Model for the State of California},
author = {Fabian DÃ¶weler and Ian Reese},
}
